<record><leader>00000cas a22000007a 4500</leader><controlfield tag="001">12891172</controlfield><controlfield tag="008">851210d18871915inudn ne      0    0eng d</controlfield><datafield ind1=" " ind2=" " tag="010"><subfield code="a">sn 85048226 </subfield></datafield><datafield ind1=" " ind2=" " tag="040"><subfield code="a">NPI</subfield><subfield code="b">eng</subfield><subfield code="c">NPI</subfield><subfield code="d">OCLCQ</subfield></datafield><datafield ind1=" " ind2=" " tag="042"><subfield code="a">msc</subfield></datafield><datafield ind1="0" ind2="0" tag="245"><subfield code="a">Connersville daily examiner.</subfield></datafield><datafield ind1=" " ind2=" " tag="260"><subfield code="a">Connersville, Ind. :</subfield><subfield code="b">John M. Higgs &amp; Co.</subfield></datafield><datafield ind1=" " ind2=" " tag="300"><subfield code="a">v. :</subfield><subfield code="b">ill. ;</subfield><subfield code="c">45-62 cm.</subfield></datafield><datafield ind1=" " ind2=" " tag="310"><subfield code="a">Daily (except Sun.)</subfield></datafield><datafield ind1="1" ind2=" " tag="362"><subfield code="a">Began in 1887.</subfield></datafield><datafield ind1="0" ind2=" " tag="362"><subfield code="a">-v. 27, no. 162 (Oct. 30, 1915).</subfield></datafield><datafield ind1=" " ind2=" " tag="580"><subfield code="a">Published until 1917 also in a weekly edition called: The Connersville examiner.</subfield></datafield><datafield ind1=" " ind2=" " tag="588"><subfield code="a">Description based on: Vol. 3, no. 1 (Jan. 14, 1889).</subfield></datafield><datafield ind1=" " ind2=" " tag="752"><subfield code="a">United States</subfield><subfield code="b">Indiana</subfield><subfield code="c">Fayette</subfield><subfield code="d">Connersville.</subfield></datafield><datafield ind1="1" ind2=" " tag="775"><subfield code="t">Connersville examiner</subfield><subfield code="w">(DLC)sn 84027301</subfield></datafield><datafield ind1="0" ind2="7" tag="785"><subfield code="t">Connersville examiner (Connersville, Ind. : Daily)</subfield><subfield code="w">(DLC)sn 95067508</subfield></datafield></record>